@book{friedman2001elements,
  title={The elements of statistical learning},
  author={Friedman, Jerome and Hastie, Trevor and Tibshirani, Robert},
  volume={1},
  year={2001},
  publisher={Springer series in statistics Springer, Berlin}
}

@inproceedings{joshi2010movie,
  title={Movie reviews and revenues: An experiment in text regression},
  author={Joshi, Mahesh and Das, Dipanjan and Gimpel, Kevin and Smith, Noah A},
  booktitle={Human Language Technologies: The 2010 Annual Conference of the North American Chapter of the Association for Computational Linguistics},
  pages={293--296},
  year={2010},
  organization={Association for Computational Linguistics}
}